%YAML 1.1
%TAG !u! tag:unity3d.com,2011:
--- !u!1 &100014
GameObject:
  m_ObjectHideFlags: 0
  m_CorrespondingSourceObject: {fileID: 0}
  m_PrefabInstance: {fileID: 0}
  m_PrefabAsset: {fileID: 0}
  serializedVersion: 6
  m_Component:
  - component: {fileID: 400014}
  - component: {fileID: 21200002}
  - component: {fileID: 9500002}
  - component: {fileID: 5000002}
  - component: {fileID: 6000002}
  - component: {fileID: 11400004}
  - component: {fileID: 11400006}
  - component: {fileID: 11400016}
  m_Layer: 0
  m_Name: Enemy
  m_TagString: Untagged
  m_Icon: {fileID: 0}
  m_NavMeshLayer: 0
  m_StaticEditorFlags: 0
  m_IsActive: 1
--- !u!4 &400014
Transform:
  m_ObjectHideFlags: 0
  m_CorrespondingSourceObject: {fileID: 0}
  m_PrefabInstance: {fileID: 0}
  m_PrefabAsset: {fileID: 0}
  m_GameObject: {fileID: 100014}
  m_LocalRotation: {x: 0, y: 0, z: 0, w: 1}
  m_LocalPosition: {x: 0, y: 0, z: 0}
  m_LocalScale: {x: 3, y: 3, z: 3}
  m_Children:
  - {fileID: 6586964197968079549}
  - {fileID: 2127150600788004746}
  - {fileID: 3451011554729148979}
  m_Father: {fileID: 400024}
  m_RootOrder: 0
  m_LocalEulerAnglesHint: {x: 0, y: 0, z: 0}
--- !u!212 &21200002
SpriteRenderer:
  m_ObjectHideFlags: 0
  m_CorrespondingSourceObject: {fileID: 0}
  m_PrefabInstance: {fileID: 0}
  m_PrefabAsset: {fileID: 0}
  m_GameObject: {fileID: 100014}
  m_Enabled: 1
  m_CastShadows: 0
  m_ReceiveShadows: 0
  m_DynamicOccludee: 1
  m_MotionVectors: 1
  m_LightProbeUsage: 0
  m_ReflectionProbeUsage: 1
  m_RayTracingMode: 0
  m_RenderingLayerMask: 1
  m_RendererPriority: 0
  m_Materials:
  - {fileID: 10754, guid: 0000000000000000f000000000000000, type: 0}
  m_StaticBatchInfo:
    firstSubMesh: 0
    subMeshCount: 0
  m_StaticBatchRoot: {fileID: 0}
  m_ProbeAnchor: {fileID: 0}
  m_LightProbeVolumeOverride: {fileID: 0}
  m_ScaleInLightmap: 1
  m_ReceiveGI: 1
  m_PreserveUVs: 0
  m_IgnoreNormalsForChartDetection: 0
  m_ImportantGI: 0
  m_StitchLightmapSeams: 1
  m_SelectedEditorRenderState: 0
  m_MinimumChartSize: 4
  m_AutoUVMaxDistance: 0.5
  m_AutoUVMaxAngle: 89
  m_LightmapParameters: {fileID: 0}
  m_SortingLayerID: 0
  m_SortingLayer: 0
  m_SortingOrder: 3
  m_Sprite: {fileID: 21300008, guid: c03876332ca5f47c9aeeadb7700c99fa, type: 3}
  m_Color: {r: 1, g: 1, b: 1, a: 1}
  m_FlipX: 0
  m_FlipY: 0
  m_DrawMode: 0
  m_Size: {x: 1, y: 1}
  m_AdaptiveModeThreshold: 0.5
  m_SpriteTileMode: 0
  m_WasSpriteAssigned: 1
  m_MaskInteraction: 0
  m_SpriteSortPoint: 0
--- !u!95 &9500002
Animator:
  serializedVersion: 3
  m_ObjectHideFlags: 0
  m_CorrespondingSourceObject: {fileID: 0}
  m_PrefabInstance: {fileID: 0}
  m_PrefabAsset: {fileID: 0}
  m_GameObject: {fileID: 100014}
  m_Enabled: 1
  m_Avatar: {fileID: 0}
  m_Controller: {fileID: 9100000, guid: f2a7b9c8c76c74899b21b571bcea4e26, type: 2}
  m_CullingMode: 0
  m_UpdateMode: 0
  m_ApplyRootMotion: 0
  m_LinearVelocityBlending: 0
  m_WarningMessage: 
  m_HasTransformHierarchy: 1
  m_AllowConstantClipSamplingOptimization: 1
  m_KeepAnimatorControllerStateOnDisable: 0
--- !u!50 &5000002
Rigidbody2D:
  serializedVersion: 4
  m_ObjectHideFlags: 0
  m_CorrespondingSourceObject: {fileID: 0}
  m_PrefabInstance: {fileID: 0}
  m_PrefabAsset: {fileID: 0}
  m_GameObject: {fileID: 100014}
  m_BodyType: 0
  m_Simulated: 1
  m_UseFullKinematicContacts: 0
  m_UseAutoMass: 0
  m_Mass: 1
  m_LinearDrag: 0
  m_AngularDrag: 0.05
  m_GravityScale: 0
  m_Material: {fileID: 0}
  m_Interpolate: 0
  m_SleepingMode: 1
  m_CollisionDetection: 0
  m_Constraints: 0
--- !u!60 &6000002
PolygonCollider2D:
  m_ObjectHideFlags: 0
  m_CorrespondingSourceObject: {fileID: 0}
  m_PrefabInstance: {fileID: 0}
  m_PrefabAsset: {fileID: 0}
  m_GameObject: {fileID: 100014}
  m_Enabled: 1
  m_Density: 1
  m_Material: {fileID: 0}
  m_IsTrigger: 1
  m_UsedByEffector: 0
  m_UsedByComposite: 0
  m_Offset: {x: 0, y: 0}
  m_SpriteTilingProperty:
    border: {x: 0, y: 0, z: 0, w: 0}
    pivot: {x: 0.5, y: 0.5}
    oldSize: {x: 0.96, y: 0.96}
    newSize: {x: 1, y: 1}
    adaptiveTilingThreshold: 0.5
    drawMode: 0
    adaptiveTiling: 0
  m_AutoTiling: 0
  m_Points:
    m_Paths:
    - - {x: 0.12294878, y: 0.23649098}
      - {x: -0.12725824, y: 0.2349321}
      - {x: -0.22102787, y: 0.1794455}
      - {x: -0.23955627, y: -0.16381375}
      - {x: -0.15915503, y: -0.2565684}
      - {x: 0.1578184, y: -0.25500953}
      - {x: 0.23659252, y: -0.15992753}
      - {x: 0.21767373, y: 0.17850347}
--- !u!114 &11400004
MonoBehaviour:
  m_ObjectHideFlags: 0
  m_CorrespondingSourceObject: {fileID: 0}
  m_PrefabInstance: {fileID: 0}
  m_PrefabAsset: {fileID: 0}
  m_GameObject: {fileID: 100014}
  m_Enabled: 1
  m_EditorHideFlags: 0
  m_Script: {fileID: 11500000, guid: 064fe7316350a4d429f8020661a32939, type: 3}
  m_Name: 
  m_EditorClassIdentifier: 
  m_speed: 0.5
  m_explosionPrefab: {fileID: 100000, guid: 2e1756d181df64a36b4fd7455e1be5c6, type: 3}
--- !u!114 &11400006
MonoBehaviour:
  m_ObjectHideFlags: 0
  m_CorrespondingSourceObject: {fileID: 0}
  m_PrefabInstance: {fileID: 0}
  m_PrefabAsset: {fileID: 0}
  m_GameObject: {fileID: 100014}
  m_Enabled: 1
  m_EditorHideFlags: 0
  m_Script: {fileID: 11500000, guid: 57dd07d79c4904ceb9acbecad08b5137, type: 3}
  m_Name: 
  m_EditorClassIdentifier: 
  m_hp: 400
  m_point: 2000
  m_useStop: 1
  m_stopPoint: 2
  isBoss: 1
--- !u!114 &11400016
MonoBehaviour:
  m_ObjectHideFlags: 0
  m_CorrespondingSourceObject: {fileID: 0}
  m_PrefabInstance: {fileID: 0}
  m_PrefabAsset: {fileID: 0}
  m_GameObject: {fileID: 100014}
  m_Enabled: 1
  m_EditorHideFlags: 0
  m_Script: {fileID: 11500000, guid: f4f0f29fa90c15e4ca1c2e77ce62f18a, type: 3}
  m_Name: 
  m_EditorClassIdentifier: 
  m_axisMove: 0
  m_inheritAngle: 0
  m_startOnAwake: 1
  m_startOnAwakeDelay: 5
  m_startOnEnable: 0
  m_startOnEnableDelay: 1
  m_loop: 1
  m_atRandom: 1
  m_shotList:
  - m_shotObj: {fileID: 6586964197977981821}
    m_afterDelay: 8
  - m_shotObj: {fileID: 2127150600776951370}
    m_afterDelay: 8
  - m_shotObj: {fileID: 3451011554735926259}
    m_afterDelay: 8
  m_shotRoutineFinishedCallbackEvents:
    m_PersistentCalls:
      m_Calls: []
--- !u!1 &100024
GameObject:
  m_ObjectHideFlags: 0
  m_CorrespondingSourceObject: {fileID: 0}
  m_PrefabInstance: {fileID: 0}
  m_PrefabAsset: {fileID: 0}
  serializedVersion: 6
  m_Component:
  - component: {fileID: 400024}
  m_Layer: 0
  m_Name: Boss2
  m_TagString: Untagged
  m_Icon: {fileID: 0}
  m_NavMeshLayer: 0
  m_StaticEditorFlags: 0
  m_IsActive: 1
--- !u!4 &400024
Transform:
  m_ObjectHideFlags: 0
  m_CorrespondingSourceObject: {fileID: 0}
  m_PrefabInstance: {fileID: 0}
  m_PrefabAsset: {fileID: 0}
  m_GameObject: {fileID: 100024}
  m_LocalRotation: {x: 0, y: 0, z: 0, w: 1}
  m_LocalPosition: {x: 0, y: 0, z: 0}
  m_LocalScale: {x: 1, y: 1, z: 1}
  m_Children:
  - {fileID: 400014}
  m_Father: {fileID: 0}
  m_RootOrder: 0
  m_LocalEulerAnglesHint: {x: 0, y: 0, z: 0}
--- !u!1001 &2006602891255649081
PrefabInstance:
  m_ObjectHideFlags: 0
  serializedVersion: 2
  m_Modification:
    m_TransformParent: {fileID: 400014}
    m_Modifications:
    - target: {fileID: 4661643133645055396, guid: 7af52b507f3024e73a22a82b6e4065e3,
        type: 3}
      propertyPath: m_Name
      value: RandomShotEasy
      objectReference: {fileID: 0}
    - target: {fileID: 4661643133644896644, guid: 7af52b507f3024e73a22a82b6e4065e3,
        type: 3}
      propertyPath: m_LocalPosition.x
      value: 0
      objectReference: {fileID: 0}
    - target: {fileID: 4661643133644896644, guid: 7af52b507f3024e73a22a82b6e4065e3,
        type: 3}
      propertyPath: m_LocalPosition.y
      value: 0
      objectReference: {fileID: 0}
    - target: {fileID: 4661643133644896644, guid: 7af52b507f3024e73a22a82b6e4065e3,
        type: 3}
      propertyPath: m_LocalPosition.z
      value: 0
      objectReference: {fileID: 0}
    - target: {fileID: 4661643133644896644, guid: 7af52b507f3024e73a22a82b6e4065e3,
        type: 3}
      propertyPath: m_LocalRotation.x
      value: 0
      objectReference: {fileID: 0}
    - target: {fileID: 4661643133644896644, guid: 7af52b507f3024e73a22a82b6e4065e3,
        type: 3}
      propertyPath: m_LocalRotation.y
      value: 0
      objectReference: {fileID: 0}
    - target: {fileID: 4661643133644896644, guid: 7af52b507f3024e73a22a82b6e4065e3,
        type: 3}
      propertyPath: m_LocalRotation.z
      value: 0
      objectReference: {fileID: 0}
    - target: {fileID: 4661643133644896644, guid: 7af52b507f3024e73a22a82b6e4065e3,
        type: 3}
      propertyPath: m_LocalRotation.w
      value: 1
      objectReference: {fileID: 0}
    - target: {fileID: 4661643133644896644, guid: 7af52b507f3024e73a22a82b6e4065e3,
        type: 3}
      propertyPath: m_RootOrder
      value: 0
      objectReference: {fileID: 0}
    - target: {fileID: 4661643133644896644, guid: 7af52b507f3024e73a22a82b6e4065e3,
        type: 3}
      propertyPath: m_LocalEulerAnglesHint.x
      value: 0
      objectReference: {fileID: 0}
    - target: {fileID: 4661643133644896644, guid: 7af52b507f3024e73a22a82b6e4065e3,
        type: 3}
      propertyPath: m_LocalEulerAnglesHint.y
      value: 0
      objectReference: {fileID: 0}
    - target: {fileID: 4661643133644896644, guid: 7af52b507f3024e73a22a82b6e4065e3,
        type: 3}
      propertyPath: m_LocalEulerAnglesHint.z
      value: 0
      objectReference: {fileID: 0}
    m_RemovedComponents: []
  m_SourcePrefab: {fileID: 100100000, guid: 7af52b507f3024e73a22a82b6e4065e3, type: 3}
--- !u!4 &6586964197968079549 stripped
Transform:
  m_CorrespondingSourceObject: {fileID: 4661643133644896644, guid: 7af52b507f3024e73a22a82b6e4065e3,
    type: 3}
  m_PrefabInstance: {fileID: 2006602891255649081}
  m_PrefabAsset: {fileID: 0}
--- !u!114 &6586964197977981821 stripped
MonoBehaviour:
  m_CorrespondingSourceObject: {fileID: 4661643133637955652, guid: 7af52b507f3024e73a22a82b6e4065e3,
    type: 3}
  m_PrefabInstance: {fileID: 2006602891255649081}
  m_PrefabAsset: {fileID: 0}
  m_GameObject: {fileID: 0}
  m_Enabled: 1
  m_EditorHideFlags: 0
  m_Script: {fileID: 11500000, guid: 1f0c54cdcb002964283a78f5499e1a73, type: 3}
  m_Name: 
  m_EditorClassIdentifier: 
--- !u!1001 &2019356280352684573
PrefabInstance:
  m_ObjectHideFlags: 0
  serializedVersion: 2
  m_Modification:
    m_TransformParent: {fileID: 400014}
    m_Modifications:
    - target: {fileID: 108959287373326775, guid: 07c904e09c599463c894da90c40c895d,
        type: 3}
      propertyPath: m_Name
      value: RandomAllRangeShotEasy
      objectReference: {fileID: 0}
    - target: {fileID: 108959287373100439, guid: 07c904e09c599463c894da90c40c895d,
        type: 3}
      propertyPath: m_LocalPosition.x
      value: 0
      objectReference: {fileID: 0}
    - target: {fileID: 108959287373100439, guid: 07c904e09c599463c894da90c40c895d,
        type: 3}
      propertyPath: m_LocalPosition.y
      value: 0
      objectReference: {fileID: 0}
    - target: {fileID: 108959287373100439, guid: 07c904e09c599463c894da90c40c895d,
        type: 3}
      propertyPath: m_LocalPosition.z
      value: 0
      objectReference: {fileID: 0}
    - target: {fileID: 108959287373100439, guid: 07c904e09c599463c894da90c40c895d,
        type: 3}
      propertyPath: m_LocalRotation.x
      value: 0
      objectReference: {fileID: 0}
    - target: {fileID: 108959287373100439, guid: 07c904e09c599463c894da90c40c895d,
        type: 3}
      propertyPath: m_LocalRotation.y
      value: 0
      objectReference: {fileID: 0}
    - target: {fileID: 108959287373100439, guid: 07c904e09c599463c894da90c40c895d,
        type: 3}
      propertyPath: m_LocalRotation.z
      value: 0
      objectReference: {fileID: 0}
    - target: {fileID: 108959287373100439, guid: 07c904e09c599463c894da90c40c895d,
        type: 3}
      propertyPath: m_LocalRotation.w
      value: 1
      objectReference: {fileID: 0}
    - target: {fileID: 108959287373100439, guid: 07c904e09c599463c894da90c40c895d,
        type: 3}
      propertyPath: m_RootOrder
      value: 1
      objectReference: {fileID: 0}
    - target: {fileID: 108959287373100439, guid: 07c904e09c599463c894da90c40c895d,
        type: 3}
      propertyPath: m_LocalEulerAnglesHint.x
      value: 0
      objectReference: {fileID: 0}
    - target: {fileID: 108959287373100439, guid: 07c904e09c599463c894da90c40c895d,
        type: 3}
      propertyPath: m_LocalEulerAnglesHint.y
      value: 0
      objectReference: {fileID: 0}
    - target: {fileID: 108959287373100439, guid: 07c904e09c599463c894da90c40c895d,
        type: 3}
      propertyPath: m_LocalEulerAnglesHint.z
      value: 0
      objectReference: {fileID: 0}
    m_RemovedComponents: []
  m_SourcePrefab: {fileID: 100100000, guid: 07c904e09c599463c894da90c40c895d, type: 3}
--- !u!4 &2127150600788004746 stripped
Transform:
  m_CorrespondingSourceObject: {fileID: 108959287373100439, guid: 07c904e09c599463c894da90c40c895d,
    type: 3}
  m_PrefabInstance: {fileID: 2019356280352684573}
  m_PrefabAsset: {fileID: 0}
--- !u!114 &2127150600776951370 stripped
MonoBehaviour:
  m_CorrespondingSourceObject: {fileID: 108959287366229079, guid: 07c904e09c599463c894da90c40c895d,
    type: 3}
  m_PrefabInstance: {fileID: 2019356280352684573}
  m_PrefabAsset: {fileID: 0}
  m_GameObject: {fileID: 0}
  m_Enabled: 1
  m_EditorHideFlags: 0
  m_Script: {fileID: 11500000, guid: 1f0c54cdcb002964283a78f5499e1a73, type: 3}
  m_Name: 
  m_EditorClassIdentifier: 
--- !u!1001 &6741360398083760052
PrefabInstance:
  m_ObjectHideFlags: 0
  serializedVersion: 2
  m_Modification:
    m_TransformParent: {fileID: 400014}
    m_Modifications:
    - target: {fileID: 8244519892192772519, guid: 73692c1dce11d48d6a46f2da50f7e907,
        type: 3}
      propertyPath: m_Name
      value: RandomAimingShotEasy
      objectReference: {fileID: 0}
    - target: {fileID: 8244519892192943495, guid: 73692c1dce11d48d6a46f2da50f7e907,
        type: 3}
      propertyPath: m_LocalPosition.x
      value: 0
      objectReference: {fileID: 0}
    - target: {fileID: 8244519892192943495, guid: 73692c1dce11d48d6a46f2da50f7e907,
        type: 3}
      propertyPath: m_LocalPosition.y
      value: 0
      objectReference: {fileID: 0}
    - target: {fileID: 8244519892192943495, guid: 73692c1dce11d48d6a46f2da50f7e907,
        type: 3}
      propertyPath: m_LocalPosition.z
      value: 0
      objectReference: {fileID: 0}
    - target: {fileID: 8244519892192943495, guid: 73692c1dce11d48d6a46f2da50f7e907,
        type: 3}
      propertyPath: m_LocalRotation.x
      value: 0
      objectReference: {fileID: 0}
    - target: {fileID: 8244519892192943495, guid: 73692c1dce11d48d6a46f2da50f7e907,
        type: 3}
      propertyPath: m_LocalRotation.y
      value: 0
      objectReference: {fileID: 0}
    - target: {fileID: 8244519892192943495, guid: 73692c1dce11d48d6a46f2da50f7e907,
        type: 3}
      propertyPath: m_LocalRotation.z
      value: 0
      objectReference: {fileID: 0}
    - target: {fileID: 8244519892192943495, guid: 73692c1dce11d48d6a46f2da50f7e907,
        type: 3}
      propertyPath: m_LocalRotation.w
      value: 1
      objectReference: {fileID: 0}
    - target: {fileID: 8244519892192943495, guid: 73692c1dce11d48d6a46f2da50f7e907,
        type: 3}
      propertyPath: m_RootOrder
      value: 2
      objectReference: {fileID: 0}
    - target: {fileID: 8244519892192943495, guid: 73692c1dce11d48d6a46f2da50f7e907,
        type: 3}
      propertyPath: m_LocalEulerAnglesHint.x
      value: 0
      objectReference: {fileID: 0}
    - target: {fileID: 8244519892192943495, guid: 73692c1dce11d48d6a46f2da50f7e907,
        type: 3}
      propertyPath: m_LocalEulerAnglesHint.y
      value: 0
      objectReference: {fileID: 0}
    - target: {fileID: 8244519892192943495, guid: 73692c1dce11d48d6a46f2da50f7e907,
        type: 3}
      propertyPath: m_LocalEulerAnglesHint.z
      value: 0
      objectReference: {fileID: 0}
    m_RemovedComponents: []
  m_SourcePrefab: {fileID: 100100000, guid: 73692c1dce11d48d6a46f2da50f7e907, type: 3}
--- !u!4 &3451011554729148979 stripped
Transform:
  m_CorrespondingSourceObject: {fileID: 8244519892192943495, guid: 73692c1dce11d48d6a46f2da50f7e907,
    type: 3}
  m_PrefabInstance: {fileID: 6741360398083760052}
  m_PrefabAsset: {fileID: 0}
--- !u!114 &3451011554735926259 stripped
MonoBehaviour:
  m_CorrespondingSourceObject: {fileID: 8244519892186215495, guid: 73692c1dce11d48d6a46f2da50f7e907,
    type: 3}
  m_PrefabInstance: {fileID: 6741360398083760052}
  m_PrefabAsset: {fileID: 0}
  m_GameObject: {fileID: 0}
  m_Enabled: 1
  m_EditorHideFlags: 0
  m_Script: {fileID: 11500000, guid: 77c647d39dcc0fa4594a3202bf5b3d57, type: 3}
  m_Name: 
  m_EditorClassIdentifier: 
